<?xml version="1.0" encoding="UTF-8"?>
<collection xmlns:xsi="http://www.w3.org/2001/XMLSchema-instance" xsi:schemaLocation="http://www.loc.gov/MARC21/slim http://www.loc.gov/standards/marcxml/schema/MARC21slim.xsd" xmlns="http://www.loc.gov/MARC21/slim">
<record>
  <leader>00751cam a22001931  4500</leader>
  <controlfield tag="001">2677013</controlfield>
  <controlfield tag="003">NNC</controlfield>
  <controlfield tag="005">20150920222854.0</controlfield>
  <controlfield tag="008">000922s1965    iq            000 0 ara d</controlfield>
  <datafield tag="035" ind1=" " ind2=" ">
    <subfield code="a">(OCoLC)ocm45060707</subfield>
  </datafield>
  <datafield tag="035" ind1=" " ind2=" ">
    <subfield code="9">ARC5724CU</subfield>
  </datafield>
  <datafield tag="035" ind1=" " ind2=" ">
    <subfield code="a">(NNC)2677013</subfield>
  </datafield>
  <datafield tag="040" ind1=" " ind2=" ">
    <subfield code="a">ZCU</subfield>
    <subfield code="c">ZCU</subfield>
  </datafield>
  <datafield tag="099" ind1=" " ind2=" ">
    <subfield code="a">956</subfield>
    <subfield code="a">Ar42</subfield>
  </datafield>
  <datafield tag="100" ind1="1" ind2=" ">
    <subfield code="a">ʻAraym, ʻAbd-al-Jabbār.</subfield>
  </datafield>
  <datafield tag="245" ind1="1" ind2="3">
    <subfield code="a">al-Qabāʾ il al-ruḥḥal fī al-ʻIrāq, wasiyāsat tawtinihim wa-ahamm mashrūʻ ātihī al-qāʾimah wa-at muqtaraḥah [taʾ līf]</subfield>
    <subfield code="c">ʻAbd-al-Jabbār ʻAraym (bahth muqaddam lil-Muʾtamar al-9. lil-Khubarāʾ al-ʻArab fī al-Shuʾ ūn al-Itjimā ʻīyah wa-al-ʻAmal)</subfield>
  </datafield>
  <datafield tag="260" ind1=" " ind2=" ">
    <subfield code="a">Baghdād,</subfield>
    <subfield code="b">Maṭābiʻ Dār al-Zamān,</subfield>
    <subfield code="c">1965.</subfield>
  </datafield>
  <datafield tag="300" ind1=" " ind2=" ">
    <subfield code="a">84 p.</subfield>
  </datafield>
  <datafield tag="955" ind1=" " ind2=" ">
    <subfield code="b">0026812657</subfield>
    <subfield code="d">glx</subfield>
    <subfield code="e">956 Ar42</subfield>
  </datafield>
</record>
</collection>